@misc{causalite,
    author = {wikipedia},
    title = {Causalité (physique)},
    howpublished = {\url{<https://fr.wikipedia.org/wiki/Causalité_(physique)>}},
    year = {2021},
    publisher = {wikipedia},
    note = "[Last modified: 27 février 2021 02:52]\ \ref{causalitePhysique}"
}
@misc{causaliteDefinition,
    author = {techno-science},
    title = {Causalité (physique) - Définition et Explications},
    howpublished = {\url{<https://www.techno-science.net/glossaire-definition/Causalite-physique-page-3.html>}},
    year = {??},
    publisher = {techno-science},
    note = "[Last modified: ???]\ \ref{causalitePhysiqueDefinition}"
}
@misc{diagrammesFeynman,
    author = {Jean-Luc Déziel},
    title = {Diagrammes de Feynman},
    howpublished = {\url{<http://feynman.phy.ulaval.ca/marleau/pp/13QED/Feynman.html>}},
    year = {??},
    publisher = {??},
    note = "[Last modified: ???]\ \ref{JeanLucDeziel}"
}
@misc{ondeEM,
    author = {univ-grenoble},
    title = {Cours de propagation des ondes},
    howpublished = {\url{<https://www-liphy.univ-grenoble-alpes.fr/IMG/pdf/cours_propagation_de_des_ondes.pdf>}},
    year = {??},
    publisher = {??},
    note = "[Last modified: ???]\ \ref{?}"
}
@misc{electrostatique,
    author = {Christine Blondel et Bertrand Wolff},
    title = {Histoire de l'électricité et du magnétisme},
    howpublished = {\url{<http://www.ampere.cnrs.fr/histoire/laboratoire-historique/enigmes>}},
    year = {??},
    publisher = {??},
    note = "[Last modified: ???]\ \ref{?}"
}
@misc{visionMonde,
    author = {Régis Straubhaar},
    title = {L’évolution de la vision du système solaire},
    howpublished = {\url{<http://sens-neuchatel.ch/bulletin/no27/art3.pdf>}},
    year = {2004},
    publisher = {Bulletin de la Société des Enseignants Neuchâtelois de Sciences},
    note = "[Last modified: novembre 2004]\ \ref{?}"
}
@book{revolutionScientifique,
    author = {Thomas S. Kuhn},
    title = {La structure des révolutions scientifiques},
    year = {1970},
    publisher = {Flamarion},
    note = "[Last modified: 1970]\ \ref{Kuhn}"
}
@book{physicienClassique,
    author = {Emilio Segré},
    title = {Les physiciens classiques et leurs découvertes},
    year = {1987},
    publisher = {Fayard},
    note = "[Last modified: mars 1987]\ \ref{Segre}"
}
@book{sciencePhilosophie,
    author = {Sir James Jeans},
    title = {Les nouvelles bases philosophiques de la science},
    year = {1935},
    publisher = {Fayard},
    note = "[Traduit de l'anglais par A. Lalande]\ \ref{Jeans}"
}
@book{LaRelativite,
    author = {Albert Einstein},
    title = {La relativité},
    year = {1986},
    publisher = {Petite bibliothèque Payot},
    note = "[Last modified: 1956]\ \ref{Einstein}"
}
@book{PrincipeRelativite,
    author = {Jean Becquerel},
    title = {Le principe de relativité et la théorie de la gravitation},
    year = {1922},
    publisher = {Gauthier-Villards},
    note = "[Leçon professées à l'école polytechnique]\ \ref{Becquerel}"
}
@book{TransformationFourier,
    author = {François Rodier},
    title = {Distributions et transformation de Fourier},
    year = {1978},
    publisher = {McGraw-Hill},
    note = "[Ediscience, 1971]\ \ref{Rodier}"
}
@book{encyclopédiePhilosophie,
    author = {Garzanti},
    title = {Encyclopédie de la philosophie},
    year = {2002},
    publisher = {La pochotèque},
    note = "[1770 pages, 2500 notices]"
}
@book{philosophiePratique,
    author = {Hansen and Clément and Demonque and Kahn},
    title = {La pratique de la philosophie},
    year = {2000},
    publisher = {Hatier},
    note = "[480 pages, 870 notices]"
}

