@book{larousseEthym,
    title = {LAROUSSE Ã‰THYMOLOGIQUE},
    year = {1971},
    note = "[800 pages]"
}
@book{vocabCuvillier,
    author = {Armand Cuvillier},
    title = {nouveau VOCABULAIRE PHILOSOPHIQUE},
    year = {1961},
    note = "[200 pages]",
    publisher = {Armand Colin}
}
