@book{PrincipeRelativite,
    author = {Jean Becquerel},
    title = {Le principe de relativité et la théorie de la gravitation},
    year = {1922},
    publisher = {Gauthier-Villards},
    note = "[Leçon professées à l'école polytechnique]\ \ref{Becquerel}"
}
@book{TransformationFourier,
    author = {François Rodier},
    title = {Distributions et transformation de Fourier},
    year = {1978},
    publisher = {McGraw-Hill},
    note = "[Ediscience, 1971]\ \ref{Rodier}"
}
