@book{dictionnaireHachette,
    author = {Hachette},
    title = {Dictionnaire encyclopédique de poche},
    year = {1999},
    publisher = {Hachette},
    note = "[370 pages, 50 000 mots]"
}
@book{encyclopédiePhilosophie,
    author = {Garzanti},
    title = {Encyclopédie de la philosophie},
    year = {2002},
    publisher = {La pochotèque},
    note = "[1770 pages, 2500 notices]"
}
@book{philosophiePratique,
    author = {Hansen and Clément and Demonque and Kahn},
    title = {La pratique de la philosophie},
    year = {2000},
    publisher = {Hatier},
    note = "[480 pages, 870 notices]"
}
@book{LarousseEtymologique,
    author = {Larousse},
    title = {Nouveau dictionnaire étymologique},
    year = {1971},
    publisher = {Librairie Larousse},
    note = "[800 pages, 50 000 mots]"
}

