
@book{petitRobert,
    title = {LE PETIT ROBERT 1},
    year = {1986},
    note = "[2170 pages, 59 000 articles]"
}
@book{petitLarousse,
    title = {LE PETIT LAROUSSE ILLUSTRÉ},
    year = {1994},
    note = "[1800 pages, 58 700 noms communs, 25 500 noms propre]"
}
@book{larousseEthym,
    title = {LAROUSSE ÉTHYMOLOGIQUE},
    year = {1971},
    note = "[800 pages]"
}

