
@book{philosophiePratique,
    author = {Hansen and Clément and Demonque and Kahn},
    title = {La pratique de la philosophie},
    year = {2000},
    publisher = {Hatier}
}
@book{encyclopédiePhilosophie,
    author = {Garzanti},
    title = {Encyclopédie de la philosophie},
    year = {2002},
    publisher = {La pochotèque}
}
@book{histoireRelativite,
    author = {Tonnelat},
    title = {histoire du principe de relativité},
    year = {1971},
    publisher = {flamarion}
}

